
@article{elsa_conesa_bercy_2021,
	title = {Bercy compte sur la vaccination pour doper la reprise économique},
	url = {https://nouveau.europresse.com/Link/PARIS10T_1/news%c2%b720210716%c2%b7LM%c2%b77527838},
	abstract = {Le tour de vis sanitaire annoncé par Emmanuel Macron, lundi 12 juillet, aura peut-être un effet dopant sur l'économie. C'est, en tout cas, l'avis des services du ...},
	language = {Français},
	journal = {Le Monde},
	author = {{Elsa Conesa}},
	month = jul,
	year = {2021},
	pages = {12},
}

@article{latribunefr_vaccination_2021,
	title = {Vaccination : ruée des {Français} sur {Doctolib}},
	url = {https://nouveau.europresse.com/Link/PARIS10T_1/news%c2%b720210716%c2%b7TR%c2%b7989418},
	abstract = {... 'UE, Malte fait volte-face et ne ferme pas ses frontières aux non-vaccinés (lien : https://www.latribune.fr/entreprises-finance/services/tourisme-loisirs/pass-sanitaire-sous-la-pression-de-l-ue-malte-fait-volte-face-et-ne-ferme-pas-ses-frontieres-aux-non-vaccines-889000.html) Le chef de l'Etat a également étendu le pass sanitaire, jusque-là prévu pour les ...},
	language = {Français},
	journal = {La Tribune (France)},
	author = {{Latribune.fr}},
	month = jul,
	year = {2021},
	note = {Issue: 7192
Volume: 7192},
	pages = {70},
}

@article{stephane_mandard_et_delphine_roucaute_stephane_mandard_et_delphine_roucaute_dans_2021,
	title = {Dans les centres de vaccination, « c'est la ruée »},
	url = {https://nouveau.europresse.com/Link/PARIS10T_1/news%c2%b720210716%c2%b7LM%c2%b76289058},
	abstract = {Mercredi 14 juillet, on a fait la queue toute la journée sur le parvis de l'Hôtel de ville de Paris. Pour visiter, sans passe sanitaire, les blindés stationnés après le ...},
	language = {Français},
	journal = {Le Monde},
	author = {{Stéphane Mandard et Delphine Roucaute Stéphane Mandard et Delphine Roucaute}},
	month = jul,
	year = {2021},
	pages = {9},
}

@article{mariama_darame_executif_2021,
	title = {L'exécutif durcit son arsenal anti-{Covid}},
	url = {https://nouveau.europresse.com/Link/PARIS10T_1/news%c2%b720210716%c2%b7LM%c2%b76207455},
	abstract = {La traduction législative des annonces d'Emmanuel Macron pour améliorer la situation sanitaire du pays se précise. Elle suit, peu ou prou, les déclarations du président de la République, lundi 12 ...},
	language = {Français},
	journal = {Le Monde},
	author = {{Mariama Darame}},
	month = jul,
	year = {2021},
	pages = {8},
}

@article{berdah_macron_2021,
	title = {Macron relance son tour de {France} sur le {Tour} de {France}},
	url = {https://nouveau.europresse.com/Link/PARIS10T_1/news%c2%b720210716%c2%b7LF%c2%b7892%c3%9720%c3%9721228004952},
	abstract = {ÉLYSÉE  La petite boucle dans la Grande Boucle. Pour la quatrième étape de son tour de France, Emmanuel Macron s'est rendu jeudi sur la dix-huitième étape du Tour de ...},
	language = {Français},
	journal = {Le Figaro},
	author = {Berdah, Arthur},
	month = jul,
	year = {2021},
	note = {Issue: 23919
Volume: 23919},
	pages = {4},
}

@article{noauthor_vaccination_2021,
	title = {Vaccination : {Macron} assume la manière forte},
	url = {https://nouveau.europresse.com/Link/PARIS10T_1/news%c2%b720210715%c2%b7LM%c2%b72151697},
	abstract = {¶ Le président a annoncé, lundi 12 juillet, la vaccination obligatoire pour les personnels de santé et a fixé un ultimatum aux non-vaccinés, en imposant le passe sanitaire dans les loisirs ...},
	language = {Français},
	journal = {Le Monde},
	month = jul,
	year = {2021},
	pages = {1},
}

@article{chayet_vaccination_2021,
	title = {Vaccination des ados : le bénéfice attendu surpasse les risques},
	url = {https://nouveau.europresse.com/Link/PARIS10T_1/news%c2%b720210715%c2%b7LF%c2%b7892%c3%9720%c3%9721145566922},
	abstract = {EST-IL éthique d'inclure les adolescents dans le pass sanitaire pour encourager leur vaccination contre le Covid-19 ? Il ne fait pas de doute que la collectivité en bénéficiera, surtout ...},
	language = {Français},
	journal = {Le Figaro},
	author = {Chayet, Delphine},
	month = jul,
	year = {2021},
	note = {Issue: 23918
Volume: 23918},
	pages = {12},
}

@article{beatrice_jerome_vaccination_2021,
	title = {La vaccination imposée aux professionnels de santé fait réagir},
	url = {https://nouveau.europresse.com/Link/PARIS10T_1/news%c2%b720210715%c2%b7LM%c2%b72384924},
	abstract = {Une première étape, avant d'aller plus loin. « Nous devons aller vers la vaccination de tous les Français, car c'est le seul chemin vers le retour à la vie normale ...},
	language = {Français},
	journal = {Le Monde},
	author = {Béatrice Jérôme, Delphine Roucaute et Camille Stromboni},
	month = jul,
	year = {2021},
	pages = {10},
}

@article{cedric_pietralungaet_nicole_vulser_cedric_pietralungaet_nicole_vulser_passe_2021,
	title = {Le passe sanitaire irrite le monde de la culture},
	url = {https://nouveau.europresse.com/Link/PARIS10T_1/news%c2%b720210715%c2%b7LM%c2%b73253194},
	abstract = {Le tour de vis était attendu, il n'en a pas moins provoqué la stupeur des professionnels. Lors de son allocution lundi 12 juillet, Emmanuel Macron a annoncé que les lieux ...},
	language = {Français},
	journal = {Le Monde},
	author = {{Cédric Pietralungaet Nicole Vulser Cédric Pietralungaet Nicole Vulser}},
	month = jul,
	year = {2021},
	pages = {11},
}

@article{mattea_battaglia_vacciner_2021,
	title = {Vacciner en milieu scolaire, oui, mais comment ?},
	url = {https://nouveau.europresse.com/Link/PARIS10T_1/news%c2%b720210715%c2%b7LM%c2%b72009214},
	abstract = {La vaccination des collégiens, des lycéens et des étudiants dans les établissements scolaires sera bien un élément-clé de la stratégie sanitaire déployée à la rentrée. C'est ce qu'a ...},
	language = {Français},
	journal = {Le Monde},
	author = {{Mattea Battaglia}},
	month = jul,
	year = {2021},
	pages = {11},
}

@article{noauthor_vaccination_2021-1,
	title = {Vaccination : une amende de 45 000 euros prévue pour les établissements ne contrôlant pas le pass sanitaire},
	url = {https://nouveau.europresse.com/Link/PARIS10T_1/news%c2%b720210715%c2%b7SGB%c2%b7qe20210715a034_1},
	abstract = {Vaccination : une amende de 45 000 euros prévue pour les établissements ne contrôlant pas le pass sanitaire Vaccination : une amende de 45 000 euros prévue pour les établissements ne contrôlant pas ...},
	language = {Français},
	journal = {La Correspondance économique},
	month = jul,
	year = {2021},
}

@article{bordenave_rebond_2021,
	title = {Le rebond pourrait être maîtrisé avec la hausse de la vaccination},
	url = {https://nouveau.europresse.com/Link/PARIS10T_1/news%c2%b720210715%c2%b7LF%c2%b7892%c3%9720%c3%9721156433903},
	abstract = {ALORS que l'été s'annonçait calme sur le plan épidémique, l'arrivée du variant Delta a bousculé les prévisions. L'incidence est désormais repartie à la hausse, et la saturation ...},
	language = {Français},
	journal = {Le Figaro},
	author = {Bordenave, Vincent},
	month = jul,
	year = {2021},
	note = {Issue: 23918
Volume: 23918},
	pages = {12},
}

@article{noauthor_mutualite_2021,
	title = {La {Mutualité} {Française} salue la vaccination obligatoire pour les soignants},
	url = {https://nouveau.europresse.com/Link/PARIS10T_1/news%c2%b720210715%c2%b7GA%c2%b71555450},
	abstract = {La Mutualité Française se réjouit des annonces du Président de la République concernant la vaccination obligatoire des soignants et l'extension du pass sanitaire dès le 21 juillet. Elle avait appelé ...},
	language = {Français},
	journal = {L'AGEFI Quotidien - Édition de 7h},
	month = jul,
	year = {2021},
	pages = {17},
}

@article{leila_de_comarmondisabelle_ficek_vaccination_2021,
	title = {Vaccination obligatoire, pass sanitaire : les modali tés pratiques},
	url = {https://nouveau.europresse.com/Link/PARIS10T_1/news%c2%b720210715%c2%b7EC%c2%b70611394881477},
	abstract = {Le calendrier de la vaccination obligatoire La vaccination contre le Covid-19 devient obligatoire au 15 septembre pour l'ensemble des professionnels qui sont en contact avec des personnes fragiles à ...},
	language = {Français},
	journal = {Les Echos},
	author = {{LEILA DE COMARMOND{\textbar}ISABELLE FICEK}},
	month = jul,
	year = {2021},
	note = {Issue: 23494
Volume: 23494},
	pages = {2},
}

@article{blandine_lavignon_et_mathilde_frenois_correspondante_a_nice_et_2021,
	title = {Et le plafond de verre de la vaccination se brisa},
	url = {https://nouveau.europresse.com/Link/PARIS10T_1/news%c2%b720210714%c2%b7LI%c2%b7170935082},
	abstract = {«J'ai eu un déclic hier en voyant toutes les restrictions. Là, ça devient compliqué, je le fais vraiment par contrainte», raconte Jonathan, 27 ans. Lundi soir, dans la foulée du ...},
	language = {Français},
	journal = {Libération},
	author = {{BLANDINE LAVIGNON et MATHILDE FRÉNOIS Correspondante à Nice}},
	month = jul,
	year = {2021},
	pages = {2,3},
}

@article{bordenave_discours_2021,
	title = {Le discours de {Macron} relance la campagne de vaccination},
	url = {https://nouveau.europresse.com/Link/PARIS10T_1/news%c2%b720210714%c2%b7LF%c2%b7892%c3%9720%c3%9721084956474},
	abstract = {LES ANNONCES du président de la République ont été immédiatement suivies des faits. Le site de réservation en ligne Doctolib a rencontré une affluence record, plus de 926 000 réservations ont ...},
	language = {Français},
	journal = {Le Figaro},
	author = {Bordenave, Vincent},
	month = jul,
	year = {2021},
	note = {Issue: 23917
Volume: 23917},
	pages = {5},
}

@article{latribunefr_avec_afp_vaccination_2021,
	title = {Vaccination : les prises de rendez-vous explosent depuis les annonces radicales de {Macron}},
	url = {https://nouveau.europresse.com/Link/PARIS10T_1/news%c2%b720210714%c2%b7TR%c2%b7989374},
	abstract = {L'appel d'Emmanuel Macron à la mobilisation pour la vaccination et la pression mise sur les non-vaccinés pour éviter une nouvelle vague de Covid-19 ont provoqué un premier ...},
	language = {Français},
	journal = {La Tribune (France)},
	author = {{Latribune.fr (avec AFP)}},
	month = jul,
	year = {2021},
	note = {Issue: 7191
Volume: 7191},
	pages = {48},
}

@article{noauthor_france_2021,
	title = {La {France}, un cas (presque) à part},
	url = {https://nouveau.europresse.com/Link/PARIS10T_1/news%c2%b720210714%c2%b7PJ%c2%b72226613364},
	abstract = {Aubin Laratte C'était une mise en scène inédite, pour taper fort. Depuis le Grand Palais éphémère, devant la tour Eiffel, Emmanuel Macron n'a pas caché son intention lundi soir ...},
	language = {Français},
	journal = {Aujourd'hui en France},
	month = jul,
	year = {2021},
	pages = {AUJM4},
}

@article{beyer_vaccination_2021,
	title = {Vaccination des élèves : l'inconnue de la rentrée},
	url = {https://nouveau.europresse.com/Link/PARIS10T_1/news%c2%b720210714%c2%b7LF%c2%b7892%c3%9720%c3%9721086167245},
	abstract = {LA VACCINATION des adolescents en milieu scolaire sera un élément clé de la stratégie sanitaire pour faire face à la 4e vague. «   Pour les collégiens, les lycéens, les étudiants, des campagnes ...},
	language = {Français},
	journal = {Le Figaro},
	author = {Beyer, Caroline},
	month = jul,
	year = {2021},
	note = {Issue: 23917
Volume: 23917},
	pages = {3},
}

@article{noauthor_vaccinationton_2021,
	title = {Vaccination,le ton monte},
	url = {https://nouveau.europresse.com/Link/PARIS10T_1/news%c2%b720210713%c2%b7LC%c2%b7o4lx-1403290},
	abstract = {Vaccination,le ton monte  ...},
	language = {Français},
	journal = {La Croix},
	month = jul,
	year = {2021},
	note = {Issue: 42060
Volume: 42060},
	pages = {1},
}

@article{isabelle_ficek_face_2021,
	title = {Face au variant, {Macron} durcit fortement les contraintes pour doper la vaccination},
	url = {https://nouveau.europresse.com/Link/PARIS10T_1/news%c2%b720210713%c2%b7EC%c2%b70611386043555},
	abstract = {En mars dernier, Emmanuel Macron avait reconnu que  « le maître du temps, c'est le virus malheureusement »  . Alors lundi, à nouveau contraint par une épidémie qui repart en flèche - avec un ...},
	language = {Français},
	journal = {Les Echos},
	author = {{ISABELLE FICEK}},
	month = jul,
	year = {2021},
	note = {Issue: 23493
Volume: 23493},
	pages = {2},
}

@article{noauthor_vaccination_2021-2,
	title = {Vaccination, où en est-on ?},
	url = {https://nouveau.europresse.com/Link/PARIS10T_1/news%c2%b720210713%c2%b7LC%c2%b7o4lx-1403264},
	abstract = {Au 8 juillet, 52,75 \% de la population française a reçu au moins une dose de vaccin contre le Covid-19 et 39,33 \% est entièrement vaccinée, d'après le ministère ...},
	language = {Français},
	journal = {La Croix},
	month = jul,
	year = {2021},
	note = {Issue: 42060
Volume: 42060},
	pages = {2,3},
}

@article{noauthor__2021,
	title = {« {Un} été de mobilisation pour la vaccination »},
	url = {https://nouveau.europresse.com/Link/PARIS10T_1/news%c2%b720210713%c2%b7LF%c2%b7882%c3%9721%c3%972166403923},
	abstract = {-È   Le chef de l'État exhorte les Français à se faire vacciner cet été  -  jeunes, retraites, relance, emploi, chômeurs... le cap de la rentrée est fixé  -È   Guillaume tabard : le ...},
	language = {Français},
	journal = {Le Figaro},
	month = jul,
	year = {2021},
	note = {Issue: 23916
Volume: 23916},
	pages = {1},
}

@article{noauthor_vaccination_2021-3,
	title = {La vaccination quoi qu'il en coûte},
	url = {https://nouveau.europresse.com/Link/PARIS10T_1/news%c2%b720210713%c2%b7PJ%c2%b72217835206},
	abstract = {Olivier Beaumont « Les semaines à venir seront celles de la mobilisation pour bloquer le virus et pour continuer de relancer notre économie. » Hier soir, Emmanuel Macron a voulu envoyer un message ...},
	language = {Français},
	journal = {Aujourd'hui en France},
	month = jul,
	year = {2021},
	pages = {AUJM2, AUJM3, AUJM3, AUJM4},
}

@article{cesar_armand_allocution_2021,
	title = {Allocution de {Macron}: les élus locaux plaident pour l'accélération de la vaccination},
	url = {https://nouveau.europresse.com/Link/PARIS10T_1/news%c2%b720210713%c2%b7TR%c2%b7989323},
	abstract = {... de moins de 3.500 habitants, s'est prononcé pour le "vaccin pour tous". (lien : https://www.latribune.fr/economie/france/vaccination-obligatoire-des-maires-ruraux-sont-pour-les-syndicats-se-divisent-888608.html) « Autrement on fait quoi? On va utiliser un pass sanitaire et on va sélectionner les gens ...},
	language = {Français},
	journal = {La Tribune (France)},
	author = {{César Armand}},
	month = jul,
	year = {2021},
	note = {Issue: 7190
Volume: 7190},
	pages = {17},
}

@article{bourmaud_macron_2021,
	title = {Macron enjambe le variant et vise 2022},
	url = {https://nouveau.europresse.com/Link/PARIS10T_1/news%c2%b720210713%c2%b7LF%c2%b7892%c3%9720%c3%972997473701},
	abstract = {La guerre n'est pas finie, Emmanuel Macron relance l'offensive. Elle est vaccinale. Face à la quatrième vague de Covid-19 qui s'apprête à déferler sur le pays, le ...},
	language = {Français},
	journal = {Le Figaro},
	author = {Bourmaud, François-Xavier},
	month = jul,
	year = {2021},
	note = {Issue: 23916
Volume: 23916},
	pages = {3},
}

@article{laurence_caramel_vaccination_2021,
	title = {Vaccination : la grande fracture {Nord}-{Sud}},
	url = {https://nouveau.europresse.com/Link/PARIS10T_1/news%c2%b720210712%c2%b7LM%c2%b76538092},
	abstract = {C'est un bilan « tragique » qu'a annoncé, mercredi 7 juillet, l'Organisation mondiale de la santé (OMS). Le seuil des quatre millions de morts du Covid-19 a été dépassé ...},
	language = {Français},
	journal = {Le Monde},
	author = {Laurence Caramel, Zeliha Chaffin et Chloé Hecketsweiler},
	month = jul,
	year = {2021},
	pages = {5},
}

@article{s_l_n_vidal_2021,
	title = {Vidal compte sur la vaccination pour une rentrée en présentiel},
	url = {https://nouveau.europresse.com/Link/PARIS10T_1/news%c2%b720210712%c2%b7LM%c2%b76885004},
	abstract = {C'est « la boussole » de la ministre de l'enseignement supérieur : la rentrée universitaire « 100 \% en présentiel, partout, pour toutes les activités qui se déroulent sur les campus . Un objectif inatteignable ...},
	language = {Français},
	journal = {Le Monde},
	author = {{S. L. N.}},
	month = jul,
	year = {2021},
	pages = {12},
}

@article{noauthor_vaccination_2021-4,
	title = {Vaccination : les risques de la fracture {Nord}-{Sud}},
	url = {https://nouveau.europresse.com/Link/PARIS10T_1/news%c2%b720210712%c2%b7LM%c2%b75856042},
	abstract = {¶ Alors que plane la menace des différents variants du Covid-19, l'accès aux vaccins reste marqué par de fortes inégalités et les défaillances du système d'aide aux pays pauvres ...},
	language = {Français},
	journal = {Le Monde},
	month = jul,
	year = {2021},
	pages = {1},
}

@article{par_philippe_bernard_vaccination_2021,
	title = {Vaccination anti-{Covid} : le rappel africain},
	url = {https://nouveau.europresse.com/Link/PARIS10T_1/news%c2%b720210712%c2%b7LM%c2%b76080044},
	abstract = {Il suffit de constater la propension de certains chefs d'Etat africains à se faire hospitaliser en Europe au moindre problème de santé sérieux pour avoir une idée de l'état ...},
	language = {Français},
	journal = {Le Monde},
	author = {{par Philippe Bernard}},
	month = jul,
	year = {2021},
	pages = {34},
}

@article{pommier_ces_2021,
	title = {Ces chefs d'entreprise qui veulent prospérer sans les aides},
	url = {https://nouveau.europresse.com/Link/PARIS10T_1/news%c2%b720210712%c2%b7LF%c2%b7892%c3%9720%c3%972898468380},
	abstract = {PATRONAT  Il ne sera pas facile de les reconnaître sur la photo de famille. Au moment d'immortaliser le 12e Spring Campus, ce jeudi 8 juillet sur les marches du grand ...},
	language = {Français},
	journal = {Le Figaro},
	author = {Pommier, Anne-Hélène},
	month = jul,
	year = {2021},
	note = {Issue: 23915
Volume: 23915},
	pages = {22},
}

@article{noauthor_continents_2021,
	title = {Des continents privés de vaccination},
	url = {https://nouveau.europresse.com/Link/PARIS10T_1/news%c2%b720210712%c2%b7LM%c2%b76344285},
	abstract = {Des continents privés de vaccination  ...},
	language = {Français},
	journal = {Le Monde},
	month = jul,
	year = {2021},
	pages = {6},
}

@article{denis_peiron_lexecutif_2021,
	title = {L'éxecutif s'inquiète pour la rentrée des universités},
	url = {https://nouveau.europresse.com/Link/PARIS10T_1/news%c2%b720210712%c2%b7LC%c2%b7o4lx-1402049},
	abstract = {Au fur et à mesure que progresse le variant Delta, les nuages s'accumulent au-dessus de la rentrée universitaire. Les limitations des capacités d'accueil ont bien été levées le ...},
	language = {Français},
	journal = {La Croix},
	author = {{Denis Peiron}},
	month = jul,
	year = {2021},
	note = {Issue: 42059
Volume: 42059},
	pages = {6},
}

@article{noauthor_bayrou_2021,
	title = {Bayrou : suspension pour les soignants qui refusent la vaccination},
	url = {https://nouveau.europresse.com/Link/PARIS10T_1/news%c2%b720210712%c2%b7LF%c2%b7892%c3%9720%c3%972907468161},
	abstract = {Alors que le gouvernement prépare de nouvelles annonces pour tenter de contenir le variant Delta du Covid-19, l'inquiétude monte quant au refus catégorique de certains soignants de se faire ...},
	language = {Français},
	journal = {Le Figaro},
	month = jul,
	year = {2021},
	note = {Issue: 23915
Volume: 23915},
	pages = {4},
}

@article{noauthor_lemmanuel_2021,
	title = {{LEmmanuel} {Macron} pourrait annoncer la vaccination obligatoire},
	url = {https://nouveau.europresse.com/Link/PARIS10T_1/news%c2%b720210711%c2%b7PJ%c2%b7214293682271},
	abstract = {LEmmanuel Macron pourrait annoncer la vaccination obligatoire  ...},
	language = {Français},
	journal = {Aujourd'hui en France},
	month = jul,
	year = {2021},
	pages = {AUJM1},
}

@article{ethan_petit_flambee_2021,
	title = {Flambée de la pandémie de {Covid}-19 dans la région {Asie}-{Pacifique}},
	url = {https://nouveau.europresse.com/Link/PARIS10T_1/news%c2%b720210710%c2%b7LM%c2%b74049758},
	abstract = {La région Asie-Pacifique fait face à une nouvelle vague de contaminations, sous la pression du variant Delta. La Corée du Sud, qui s'était démarquée en 2020 par son efficace ...},
	language = {Français},
	journal = {Le Monde},
	author = {{Ethan Petit}},
	month = jul,
	year = {2021},
	pages = {5},
}

@article{stephane_mandard_dans_2021,
	title = {Dans la {France} des récalcitrants à la vaccination},
	url = {https://nouveau.europresse.com/Link/PARIS10T_1/news%c2%b720210710%c2%b7LM%c2%b73935190},
	abstract = {Les MLAC ont installé leur barnum à un « endroit stratégique » : à l'entrée du « royaume des enfants », entre les trampolines, les manèges et le parcours d'accrobranche, juste après le parking ...},
	language = {Français},
	journal = {Le Monde},
	author = {{Stéphane Mandard}},
	month = jul,
	year = {2021},
	pages = {6},
}

@article{alexandre_lemarie_macron_2021,
	title = {Macron contraint de donner un nouveau tour de vis face au {Delta}},
	url = {https://nouveau.europresse.com/Link/PARIS10T_1/news%c2%b720210710%c2%b7LM%c2%b73963375},
	abstract = {Le répit aura été de courte durée. Le 20 mai, alors que les voyants repassaient au vert sur le front du Covid-19, Emmanuel Macron partageait un café en terrasse avec ...},
	language = {Français},
	journal = {Le Monde},
	author = {{Alexandre Lemarié}},
	month = jul,
	year = {2021},
	pages = {7},
}

@article{chloe_hecketsweiler_france_2021,
	title = {La {France} en retard dans la vaccination des plus âgés},
	url = {https://nouveau.europresse.com/Link/PARIS10T_1/news%c2%b720210709%c2%b7LM%c2%b71420947},
	abstract = {Cette semaine, c'est un couple de nonagénaires qui a franchi le dernier pas. Venus d'un village voisin, ils ont fait le trajet au centre de vaccination de Bonnières-sur ...},
	language = {Français},
	journal = {Le Monde},
	author = {Chloé Hecketsweiler, Nathaniel Herzberget Delphine Roucaute Chloé Hecketsweiler, Nathaniel Herzberget Delphine Roucaute, Nathaniel Herzberget Delphine Roucaute Chloé Hecketsweiler},
	month = jul,
	year = {2021},
	pages = {6},
}

@article{cecile_rousseau_les_2021,
	title = {Les soignants refusent la vaccination obligatoire},
	url = {https://nouveau.europresse.com/Link/PARIS10T_1/news%c2%b720210709%c2%b7HU%c2%b7477031},
	abstract = {Alors que le gouvernement multiplie les déclarations sous forme d'injonctions envers les professionnels, les acteurs de terrain soulignent le caractère inefficace d'une politique vaccinale soumise à des sanctions. Un ...},
	language = {Français},
	journal = {l'Humanité},
	author = {{Cécile Rousseau}},
	month = jul,
	year = {2021},
	pages = {4},
}

@article{tabard_vaccination_2021,
	title = {La vaccination, un enjeu de communication},
	url = {https://nouveau.europresse.com/Link/PARIS10T_1/news%c2%b720210709%c2%b7LF%c2%b7892%c3%9720%c3%972676093646},
	abstract = {Juillet 2020 ou juillet 2021 ? Les années se suivent et, hélas, se ressemblent. Du moins en partie. Il y a un an tout juste, Emmanuel Macron espérait tourner la page du ...},
	language = {Français},
	journal = {Le Figaro},
	author = {Tabard, Guillaume},
	month = jul,
	year = {2021},
	note = {Issue: 23913
Volume: 23913},
	pages = {5},
}

@article{latribunefr_vaccination_2021-1,
	title = {Vaccination obligatoire : des maires ruraux sont pour, les syndicats se divisent},
	url = {https://nouveau.europresse.com/Link/PARIS10T_1/news%c2%b720210709%c2%b7TR%c2%b7989189},
	abstract = {... -19 cet automne ou une vaccination massive : les Français doivent choisir, dit la HAS (lien : https://www.latribune.fr/economie/france/un-pic-de-l-epidemie-de-covid-19-cet-automne-ou-une-vaccination-massive-les-francais-doivent-choisir-dit-la-has-888221.html) "Plutôt que de tergiverser de nouveau en essayant d'y aller à petits pas, nous affirmons ...},
	language = {Français},
	journal = {La Tribune (France)},
	author = {{Latribune.fr}},
	month = jul,
	year = {2021},
	note = {Issue: 7188
Volume: 7188},
	pages = {37},
}

@article{le_trionnaire_rossignol_2021,
	title = {Rossignol : « {Je} suis favorable à la vaccination obligatoire »},
	url = {https://nouveau.europresse.com/Link/PARIS10T_1/news%c2%b720210709%c2%b7LF%c2%b7892%c3%9720%c3%972675697033},
	abstract = {LE MONDE entier est inquiet, le variant Delta laisse planer l'hypothèse d'une quatrième vague en France. Rempart à la propagation du virus, faut-il rendre la vaccination obligatoire ?   « Absolument ...},
	language = {Français},
	journal = {Le Figaro},
	author = {Le Trionnaire, Virginie},
	month = jul,
	year = {2021},
	note = {Issue: 23913
Volume: 23913},
	pages = {4},
}

@article{noauthor_france_2021-1,
	title = {La {France} bute sur la vaccination des plus âgés},
	url = {https://nouveau.europresse.com/Link/PARIS10T_1/news%c2%b720210709%c2%b7LM%c2%b71357396},
	abstract = {¶ En retard sur la vaccination contre le Covid-19 des plus de 80 ans, la France cherche à mieux les atteindre en s'appuyant sur la médecine de proximité ¶ En Espagne ...},
	language = {Français},
	journal = {Le Monde},
	month = jul,
	year = {2021},
	pages = {1},
}

@article{noauthor_vaccination_2021-5,
	title = {Une vaccination, une entrée offerte dans les discothèques à partir de ce soir},
	url = {https://nouveau.europresse.com/Link/PARIS10T_1/news%c2%b720210709%c2%b7PJ%c2%b7214276349423},
	abstract = {Victor Tassel Sur la piste de danse, encore vide de fêtards, Pascal Duval, accompagné de sa femme, ses deux enfants et quelques employés, déballent des palettes entières de bouteilles d'alcool ...},
	language = {Français},
	journal = {Aujourd'hui en France},
	month = jul,
	year = {2021},
	pages = {AUJM6},
}

@article{fremont_vaccination_2021,
	title = {Vaccination : appel à la « mobili sation générale » face au variant {Delta}},
	url = {https://nouveau.europresse.com/Link/PARIS10T_1/news%c2%b720210708%c2%b7LF%c2%b7892%c3%9720%c3%972588940441},
	abstract = {ÉPIDÉMIE   Sur une ligne de crête. D'un côté, la menace du variant Delta (venu d'Inde), bien plus contagieux, de l'autre celle d'une couverture vaccinale encore insuffisante. Alors ...},
	language = {Français},
	journal = {Le Figaro},
	author = {Frémont, Anne-Laure},
	month = jul,
	year = {2021},
	note = {Issue: 23912
Volume: 23912},
	pages = {3},
}

@article{noauthor_mutualite_2021-1,
	title = {La {Mutualité} {Française} s'engage pour la vaccination obligatoire des soignants},
	url = {https://nouveau.europresse.com/Link/PARIS10T_1/news%c2%b720210708%c2%b7GA%c2%b71555031},
	abstract = {Face au ralentissement du rythme de vaccination de la population française et en particulier des soignants, l'idée d'une vaccination obligatoire contre le Covid-19 émerge. Une possibilité que soutient ...},
	language = {Français},
	journal = {L'AGEFI Quotidien - Édition de 7h},
	month = jul,
	year = {2021},
	pages = {23},
}

@article{noauthor_vaccination_2021-6,
	title = {Vaccination obligatoire des soignants : l'exécutif cherche le consensus},
	url = {https://nouveau.europresse.com/Link/PARIS10T_1/news%c2%b720210708%c2%b7PJ%c2%b7214265500784},
	abstract = {Marcelo Wesfreid Dans sa lutte contre le variant Delta, le gouvernement est à la recherche d'un consensus politique pour rendre obligatoire la vaccination des soignants. Motif de satisfaction pour le ...},
	language = {Français},
	journal = {Aujourd'hui en France},
	month = jul,
	year = {2021},
	pages = {AUJM4},
}

@article{noauthor_vaccination_2021-7,
	title = {Vaccination : l'urgence d'une mobilisation},
	url = {https://nouveau.europresse.com/Link/PARIS10T_1/news%c2%b720210708%c2%b7LF%c2%b7882%c3%9720%c3%9724051798080},
	abstract = {La France va-t-elle réussir à maintenir un rythme de vaccination élevé pendant l'été, voire à l'accélérer ? Face au variant Delta, plus contagieux, qui s'impose rapidement en ...},
	language = {Français},
	journal = {Le Figaro},
	month = jul,
	year = {2021},
	note = {Issue: 23912
Volume: 23912},
	pages = {1},
}

@article{noauthor_gouvernement_2021,
	title = {Le gouvernement veut agir pour éviter une "4ème vague" et appelle à la vaccination "massive"},
	url = {https://nouveau.europresse.com/Link/PARIS10T_1/news%c2%b720210708%c2%b7SGB%c2%b7qe20210708a015_1},
	abstract = {Le gouvernement veut agir pour éviter une "4ème vague" et appelle à la vaccination "massive" Le gouvernement veut agir pour éviter une "4ème vague" et appelle à la vaccination "massive"  ...},
	language = {Français},
	journal = {La Correspondance économique},
	month = jul,
	year = {2021},
}

@article{alexandre_lemarie_executif_2021,
	title = {L'exécutif cherche le bon dosage pour accélérer la vaccination},
	url = {https://nouveau.europresse.com/Link/PARIS10T_1/news%c2%b720210707%c2%b7LM%c2%b75271983},
	abstract = {Le refrain est connu. Après plusieurs semaines de nette amélioration sur le front sanitaire, l'exécutif renoue avec un ton alarmiste. « Il y a des motifs d'inquiétude », a reconnu le ...},
	language = {Français},
	journal = {Le Monde},
	author = {{Alexandre Lemarié}},
	month = jul,
	year = {2021},
	pages = {6},
}

@article{noauthor_concertation_2021,
	title = {Concertation {Macron} ne dit rien sur les retraites ni sur la vaccination},
	url = {https://nouveau.europresse.com/Link/PARIS10T_1/news%c2%b720210707%c2%b7HU%c2%b7476886},
	abstract = {Emmanuel Macron a reçu, mardi, les leaders syndicaux et patronaux pour un tour d'horizon sanitaire et social. Concernant le variant indien, le patron du Medef, Geoffroy Roux de Bézieux, n ...},
	language = {Français},
	journal = {l'Humanité},
	month = jul,
	year = {2021},
	pages = {9},
}

@article{noauthor_mutualite_2021-2,
	title = {La {Mutualité} {Française} prend parti pour la vaccination obligatoire des soignants},
	url = {https://nouveau.europresse.com/Link/PARIS10T_1/news%c2%b720210707%c2%b7GWC%c2%b71555004},
	abstract = {C'est une possibilité qui prend de l'ampleur. Face au ralentissement du rythme de vaccination de la population française et en particulier des soignants, l'idée d'une vaccination obligatoire ...},
	language = {Français},
	journal = {L'AGEFI Quotidien - Édition de 14h},
	month = jul,
	year = {2021},
}

@article{etienne_lefebvre_tests_2021,
	title = {Tests, vaccination : la mobilisation face au variant {Delta}},
	url = {https://nouveau.europresse.com/Link/PARIS10T_1/news%c2%b720210707%c2%b7EC%c2%b70611347336357},
	abstract = {Santé :  Alors que l'épidémie re-démarre à cause du variant Delta, l'exécutif entend rendre obligatoire la vaccination des soignants.  « Cela peut créer un électrochoc »,  salue Thomas Fatôme. Dans une ...},
	language = {Français},
	journal = {Les Echos},
	author = {{ETIENNE LEFEBVRE}},
	month = jul,
	year = {2021},
	note = {Issue: 23489
Volume: 23489},
	pages = {1},
}

@article{cecile_thibaud_non-vaccination_2021,
	title = {La non-vaccination des jeunes et les fêtes de fin d'année font exploser les contagions en {Espagne}},
	url = {https://nouveau.europresse.com/Link/PARIS10T_1/news%c2%b720210707%c2%b7EC%c2%b70611346943228},
	abstract = {Faut-il continuer à vacciner la population strictement par tranche d'âge ? La question fait débat en Espagne, alors que la stratégie de convocation très ordonnée selon les années de naissance ...},
	language = {Français},
	journal = {Les Echos},
	author = {{CECILE THIBAUD}},
	month = jul,
	year = {2021},
	note = {Issue: 23489
Volume: 23489},
	pages = {8},
}

@article{jerome_chapuis_morale_2021,
	title = {Moral(e)},
	url = {https://nouveau.europresse.com/Link/PARIS10T_1/news%c2%b720210707%c2%b7LC%c2%b7o4lx-1400736},
	abstract = {A l'heure où menace une quatrième vague de Covid, le chiffre laisse songeur. À l'hôpital, au début de l'été, seuls les deux tiers des soignants avaient reçu une ...},
	language = {Français},
	journal = {La Croix},
	author = {{Jérôme Chapuis}},
	month = jul,
	year = {2021},
	note = {Issue: 42055
Volume: 42055},
	pages = {1},
}

@article{olivier_tosseri_campagne_2021,
	title = {La campagne de vaccination italienne patine},
	url = {https://nouveau.europresse.com/Link/PARIS10T_1/news%c2%b720210707%c2%b7EC%c2%b70611346650824},
	abstract = {Après avoir connu une forte accélération au printemps, la campagne de vaccination italienne ralentit. L'objectif d'injecter plus de 500.000 doses par jour est de plus en plus difficile ...},
	language = {Français},
	journal = {Les Echos},
	author = {{OLIVIER TOSSERI}},
	month = jul,
	year = {2021},
	note = {Issue: 23489
Volume: 23489},
	pages = {8},
}

@article{noauthor_vaccination_2021-8,
	title = {Vaccination : des mesures plus incitatives à l'étude},
	url = {https://nouveau.europresse.com/Link/PARIS10T_1/news%c2%b720210707%c2%b7LM%c2%b75704719},
	abstract = {¶ Sous la pression du variant Delta, les autorités n'excluent plus une forte remontée des cas de Covid dès la fin du mois de juillet, au coeur de l'été ¶ Le ...},
	language = {Français},
	journal = {Le Monde},
	month = jul,
	year = {2021},
	pages = {1},
}

@article{hirsch_insistons_2021,
	title = {Insistons sur le devoir démocratique de vaccination plutôt que sur la contrainte},
	url = {https://nouveau.europresse.com/Link/PARIS10T_1/news%c2%b720210706%c2%b7LF%c2%b7892%c3%9720%c3%972392462030},
	abstract = {Obliger les professionnels de santé à se faire vacciner est un signe de la crise de crédibilité qui affecte les autorités médico-scientifiques, argumente le professeur d'éthique médicale*. Si la ...},
	language = {Français},
	journal = {Le Figaro},
	author = {Hirsch, Emmanuel},
	month = jul,
	year = {2021},
	note = {Issue: 23910
Volume: 23910},
	pages = {16},
}

@article{yves_bourdillon_vaccination_2021,
	title = {Vaccination obligatoire des soignants : ce que font les autres pays},
	url = {https://nouveau.europresse.com/Link/PARIS10T_1/news%c2%b720210706%c2%b7EC%c2%b70611340045369},
	abstract = {La pression monte en France, mais guère ailleurs, pour imposer la vaccination contre le Covid aux personnels soignants. Le Premier ministre, Jean Castex, doit recevoir cette semaine les présidents de groupe ...},
	language = {Français},
	journal = {Les Echos},
	author = {{YVES BOURDILLON}},
	month = jul,
	year = {2021},
	note = {Issue: 23488
Volume: 23488},
	pages = {6},
}

@article{gonzales_vaccination_2021,
	title = {La vaccination peut être obligatoire mais pas de manière généralisée},
	url = {https://nouveau.europresse.com/Link/PARIS10T_1/news%c2%b720210706%c2%b7LF%c2%b7892%c3%9720%c3%972398230664},
	abstract = {LA VACCINATION obligatoire, oui, mais pas pour la totalité de la population. Ainsi va l'histoire du droit de la vaccination depuis son invention par Louis Pasteur. En matière de libertés ...},
	language = {Français},
	journal = {Le Figaro},
	author = {Gonzalès, Paule},
	month = jul,
	year = {2021},
	note = {Issue: 23910
Volume: 23910},
	pages = {7},
}

@article{recueilli_par_miren_garaicoechea_tous_2021,
	title = {Tous les professionnels n'ont pas la vaccination en odeur de santé},
	url = {https://nouveau.europresse.com/Link/PARIS10T_1/news%c2%b720210706%c2%b7LI%c2%b7170730632},
	abstract = {En France, le 1,2 million de soignants pourrait être à l'avenir contraint, par la loi, à se faire vacciner contre le coronavirus. Parmi le personnel, il existe des disparités ...},
	language = {Français},
	journal = {Libération},
	author = {{Recueilli par MIREN GARAICOECHEA}},
	month = jul,
	year = {2021},
	pages = {2,3,4,5},
}

@article{isabelle_ficek_consensus_2021,
	title = {Consensus en vue sur la vaccination des soignants},
	url = {https://nouveau.europresse.com/Link/PARIS10T_1/news%c2%b720210706%c2%b7EC%c2%b70611341194428},
	abstract = {SANTé :  Les groupes parlementaires doivent se prononcer ce mardi sur une éventuelle vaccination obligatoire des personnels soignants contre le Covid, ainsi que sur une extension du pass sanitaire ou encore l ...},
	language = {Français},
	journal = {Les Echos},
	author = {{ISABELLE FICEK}},
	month = jul,
	year = {2021},
	note = {Issue: 23488
Volume: 23488},
	pages = {1},
}

@article{noauthor_covid_2021,
	title = {Covid, une course de vitesse},
	url = {https://nouveau.europresse.com/Link/PARIS10T_1/news%c2%b720210706%c2%b7LC%c2%b7o4lx-1399810},
	abstract = {Covid, une course de vitesse  ...},
	language = {Français},
	journal = {La Croix},
	month = jul,
	year = {2021},
	note = {Issue: 42054
Volume: 42054},
	pages = {1},
}

@article{noauthor_temoignages_2021,
	title = {T{ÉMOIGNAGES}{\textbar}« {Je} ne vais pas risquer mon couple »},
	url = {https://nouveau.europresse.com/Link/PARIS10T_1/news%c2%b720210706%c2%b7PJ%c2%b7214247073035},
	abstract = {Aurélie Sipos Le seul mot « vaccin » suffit à les crisper. Charlotte est vaccinée, sa belle-soeur opposée à la piqûre. « Le problème, c'est que ça revient souvent sur la table ...},
	language = {Français},
	journal = {Aujourd'hui en France},
	month = jul,
	year = {2021},
	pages = {AUJM10, AUJM11, AUJM11, AUJM12},
}

@article{jeanne_ferney_et_corentin_lesueur_face_2021,
	title = {Face aux variants, un nécessaire effort collectif},
	url = {https://nouveau.europresse.com/Link/PARIS10T_1/news%c2%b720210706%c2%b7LC%c2%b7o4lx-1400151},
	abstract = {Et Delta arriva. Apparu en avril en Inde, ce variant vient rebattre les cartes d'une pandémie que l'on commençait à croire, sinon éradiquée, au moins en voie de l ...},
	language = {Français},
	journal = {La Croix},
	author = {{Jeanne Ferney et Corentin Lesueur}},
	month = jul,
	year = {2021},
	note = {Issue: 42054
Volume: 42054},
	pages = {2,3},
}

@article{isabelle_ficekgregoire_poussielguealexandre_rousset_executif_2021,
	title = {L'exécutif cherche un consensus sur la vaccination des soignants},
	url = {https://nouveau.europresse.com/Link/PARIS10T_1/news%c2%b720210706%c2%b7EC%c2%b70611341371411},
	abstract = {Face à une quatrième vague qui arrive plus vite qu'anticipé, la pression continue de monter sur la vaccination obligatoire des soignants.  « Bien sûr qu'il faut le faire »  , a encore ...},
	language = {Français},
	journal = {Les Echos},
	author = {{ISABELLE FICEK{\textbar}GREGOIRE POUSSIELGUE{\textbar}ALEXANDRE ROUSSET}},
	month = jul,
	year = {2021},
	note = {Issue: 23488
Volume: 23488},
	pages = {3},
}

@article{maud_guilbeault_perspective_2021,
	title = {La perspective d'une obligation vaccinale divise les soignants},
	url = {https://nouveau.europresse.com/Link/PARIS10T_1/news%c2%b720210705%c2%b7LC%c2%b7o4lx-1399743},
	abstract = {«   Je suis partagée. Je trouve cela cohérent et superflu.   »  Bien que déjà vaccinée, Romane, infirmière à l'hôpital Bichat, à Paris, est désemparée face à la perspective, pour le personnel soignant ...},
	language = {Français},
	journal = {La Croix},
	author = {{Maud Guilbeault}},
	month = jul,
	year = {2021},
	note = {Issue: 42053
Volume: 42053},
	pages = {6},
}

@article{noauthor_feminicide_2021,
	title = {Féminicide {Une} nouvelle victime et un nouveau rapport},
	url = {https://nouveau.europresse.com/Link/PARIS10T_1/news%c2%b720210705%c2%b7HU%c2%b7476676},
	abstract = {Un hommage était organisé, ce dimanche, à Bordeaux, en la mémoire de Sandra Pla. Cette femme de 31 ans a été tuée, chez elle, vendredi soir, de plusieurs coups de couteau ...},
	language = {Français},
	journal = {l'Humanité},
	month = jul,
	year = {2021},
	pages = {11},
}

@article{juliette_benezit_les_2021,
	title = {Les personnes en grande précarité « ont été les oubliées de la vaccination »},
	url = {https://nouveau.europresse.com/Link/PARIS10T_1/news%c2%b720210705%c2%b7LM%c2%b79592629},
	abstract = {Sous la tente de la clinique mobile installée par Médecins sans frontières (MSF) dans le 19e arrondissement de Paris, Sadar, un demandeur d'asile afghan de 33 ans, vient tout juste ...},
	language = {Français},
	journal = {Le Monde},
	author = {{Juliette Bénézit}},
	month = jul,
	year = {2021},
	pages = {7},
}

@article{renaud_honore_executif_2021,
	title = {L'exécutif remet la pression sur la vaccination},
	url = {https://nouveau.europresse.com/Link/PARIS10T_1/news%c2%b720210705%c2%b7EC%c2%b70611335348233},
	abstract = {Alors que l'exécutif veut à nouveau remettre les réformes à l'agenda politique, il s'agirait de ne pas se faire déborder encore par la situation sanitaire, de nouveau instable ...},
	language = {Français},
	journal = {Les Echos},
	author = {{RENAUD HONORE}},
	month = jul,
	year = {2021},
	note = {Issue: 23487
Volume: 23487},
	pages = {2},
}

@article{noauthor_vaccination_2021-9,
	title = {Vaccination obligatoire. {Quid} de la population générale ?},
	url = {https://nouveau.europresse.com/Link/PARIS10T_1/news%c2%b720210705%c2%b7LC%c2%b7o4lx-1399717},
	abstract = {Dans sa recommandation du 1er juillet, la Haute Autorité de santé évoque l'opportunité, «  en cas de progression insuffisante de la couverture vaccinale  », d'étendre la réflexion de l'obligation vaccinale ...},
	language = {Français},
	journal = {La Croix},
	month = jul,
	year = {2021},
	note = {Issue: 42053
Volume: 42053},
	pages = {6},
}

@article{vanlerberghe_vaccination_2021,
	title = {La vaccination obligatoire des soignants se rapproche},
	url = {https://nouveau.europresse.com/Link/PARIS10T_1/news%c2%b720210705%c2%b7LF%c2%b7892%c3%9720%c3%972236896378},
	abstract = {COVID-19  Ce sont deux courbes dont l'évolution contraire annonce un été compliqué pour le gouvernement : d'une part, la proportion du variant Delta parmi les nouveaux cas de Covid ...},
	language = {Français},
	journal = {Le Figaro},
	author = {Vanlerberghe, Cyrille},
	month = jul,
	year = {2021},
	note = {Issue: 23909
Volume: 23909},
	pages = {10},
}

@article{latribunefr_pic_2021,
	title = {Un pic de l'épidémie de {Covid}-19 cet automne ou une vaccination massive : les {Français} doivent choisir, dit la {HAS}},
	url = {https://nouveau.europresse.com/Link/PARIS10T_1/news%c2%b720210703%c2%b7TR%c2%b7989001},
	abstract = {... aussi Covid-19 : un nouveau cas sur cinq vient du variant Delta en France (lien : https://www.latribune.fr/economie/france/covid-19-un-nouveau-cas-sur-cinq-vient-du-variant-delta-en-france-887928.html) Les soignants en première ligne « On a une menace, c'est celle du variant Delta. La ...},
	language = {Français},
	journal = {La Tribune (France)},
	author = {{Latribune.fr}},
	month = jul,
	year = {2021},
	note = {Issue: 7184
Volume: 7184},
	pages = {38},
}

@article{noauthor_avec_2021,
	title = {Avec la vaccination obligatoire des soignants, le gouvernement marche sur des oeufs},
	url = {https://nouveau.europresse.com/Link/PARIS10T_1/news%c2%b720210703%c2%b7PJ%c2%b7214218514930},
	abstract = {Pauline Théveniaudavec Elsa Mari « Il faut vacciner, vacciner, vacciner », ne cesse de répéter le Premier ministre, Jean Castex. L'exécutif entend « faire feu de tout bois » à l'heure où la ...},
	language = {Français},
	journal = {Aujourd'hui en France},
	month = jul,
	year = {2021},
	pages = {AUJM7},
}

@article{par_jean-baptiste_daoulas_et_anais_moran_vaccination_2021,
	title = {Vaccination obligatoire : l'exécutif se pique du sort des soignants},
	url = {https://nouveau.europresse.com/Link/PARIS10T_1/news%c2%b720210703%c2%b7LI%c2%b7170661437},
	abstract = {asard des rencontres. HVendredi à 14 heures, le ministre de la Santé, Olivier Véran, se rend au centre commercial Qwartz de Villeneuve-la-Garenne (Hauts-de-Seine) afin d'inaugurer un ...},
	language = {Français},
	journal = {Libération},
	author = {{Par Jean-Baptiste Daoulas et Anaïs Moran}},
	month = jul,
	year = {2021},
	pages = {14},
}

@article{noauthor__2021-1,
	title = {« {Pour} certaines professions, l'obligation de vaccination me paraît naturelle »},
	url = {https://nouveau.europresse.com/Link/PARIS10T_1/news%c2%b720210703%c2%b7PJ%c2%b7214218972901},
	abstract = {Propos recueillis parsébastien Lernould, Pauline Théveniaudet Vincent Vérier L'économie française est à la croisée des chemins. Si, pour 2021, sa croissance va probablement atteindre des sommets européens, elle reste suspendue ...},
	language = {Français},
	journal = {Aujourd'hui en France},
	month = jul,
	year = {2021},
	pages = {AUJM2},
}

@article{latribunefr_apres_2021,
	title = {Après l'"helicopter money" et la vaccination, le {FMI} prévoit 7\% de croissance aux États-{Unis}},
	url = {https://nouveau.europresse.com/Link/PARIS10T_1/news%c2%b720210703%c2%b7TR%c2%b7989041},
	abstract = {... France, où la croissance est exceptionnellement attendue à +6\% en 2021 par l'Insee. (lien : https://www.latribune.fr/economie/france/l-economie-francaise-rebondit-plus-fortement-que-ne-le-prevoit-le-gouvernement-selon-l-insee-888100.html) Outre-Atlantique, pour 2022, le Fonds s'attend à un PIB de 4,9\% contre 3 ...},
	language = {Français},
	journal = {La Tribune (France)},
	author = {{Latribune.fr}},
	month = jul,
	year = {2021},
	note = {Issue: 7184
Volume: 7184},
	pages = {45},
}

@article{noauthor_coup_2021,
	title = {Coup de boost sur la vaccination},
	url = {https://nouveau.europresse.com/Link/PARIS10T_1/news%c2%b720210702%c2%b7PJ%c2%b7214209835766},
	abstract = {Aurélie Sipos, Pauline Théveniaud et Elsa Mari Depuis quelques jours, la question taraude le gouvernement : comment relancer la vaccination ? Une préoccupation majeure, sur fond de montée des inquiétudes concernant le variant ...},
	language = {Français},
	journal = {Aujourd'hui en France},
	month = jul,
	year = {2021},
	pages = {AUJM2, AUJM3, AUJM3, AUJM4},
}

@article{noauthor_gouvernement_2021-1,
	title = {Le gouvernement prépare les esprits à la vaccination obligatoire des soignants},
	url = {https://nouveau.europresse.com/Link/PARIS10T_1/news%c2%b720210702%c2%b7LF%c2%b7892%c3%9720%c3%972101446386},
	abstract = {L'exécutif accélère face à la menace du variant Delta et au spectre d'une quatrième vague. Jean Castex va consulter les forces politiques d'ici ce week-end sur une ...},
	language = {Français},
	journal = {Le Figaro},
	month = jul,
	year = {2021},
	note = {Issue: 23907
Volume: 23907},
	pages = {1},
}

@article{noauthor_soignants_2021,
	title = {Soignants : la vaccination obligatoire se profile},
	url = {https://nouveau.europresse.com/Link/PARIS10T_1/news%c2%b720210702%c2%b7LM%c2%b74554107},
	abstract = {¶ Jean Castex a annoncé la tenue d'une consultation sur la possibilité de rendre obligatoire la vaccination pour les personnes travaillant dans la santé ¶ Selon Santé publique France, seuls 57 \% des ...},
	language = {Français},
	journal = {Le Monde},
	month = jul,
	year = {2021},
	pages = {1},
}

@article{jerome_gautheret_en_2021,
	address = {Rome correspondant},
	title = {En {Italie}, la mesure ne fait pas débat chez les personnels de santé},
	url = {https://nouveau.europresse.com/Link/PARIS10T_1/news%c2%b720210702%c2%b7LM%c2%b75592727},
	abstract = {La Calabre a été la première région à sévir, et les « victimes » sont au nombre de seize : jeudi 24 juin, quinzetravailleurs sanitairesde la province de Reggio de Calabre et un vétérinaire ...},
	language = {Français},
	journal = {Le Monde},
	author = {{Jérôme Gautheret}},
	month = jul,
	year = {2021},
	pages = {8},
}

@article{benoit_vitkine_poutine_2021,
	address = {Moscou correspondant},
	title = {Poutine appelle à recourir à la vaccination, sans la rendre obligatoire},
	url = {https://nouveau.europresse.com/Link/PARIS10T_1/news%c2%b720210702%c2%b7LM%c2%b74380970},
	abstract = {L'épidémie de Covid-19 continue de faire des ravages en Russie, où les mauvais chiffres record se succèdent jour après jour. Mercredi 30 juin, le pays a enregistré le nombre ...},
	language = {Français},
	journal = {Le Monde},
	author = {{Benoît Vitkine}},
	month = jul,
	year = {2021},
	pages = {4},
}

@article{noauthor_covid-19le_2021,
	title = {{COVID}-{19Le} {Premier} ministre, {Jean} {Castex}, prépare un},
	url = {https://nouveau.europresse.com/Link/PARIS10T_1/news%c2%b720210702%c2%b7PJ%c2%b7214208612488},
	abstract = {COVID-19Le Premier ministre, Jean Castex, prépare un  ...},
	language = {Français},
	journal = {Aujourd'hui en France},
	month = jul,
	year = {2021},
	pages = {AUJM1},
}

@article{siraud_vaccination_2021,
	title = {Vaccination obligatoire : l'exécutif accélère},
	url = {https://nouveau.europresse.com/Link/PARIS10T_1/news%c2%b720210702%c2%b7LF%c2%b7892%c3%9720%c3%97287990568},
	abstract = {EXÉCUTIF  « La menace sanitaire n'est pas derrière nous »  , euphémise un ministre de poids. C'est peu de le dire. Alors que le pays entre à peine dans sa quatrième étape ...},
	language = {Français},
	journal = {Le Figaro},
	author = {Siraud, Mathilde},
	month = jul,
	year = {2021},
	note = {Issue: 23907
Volume: 23907},
	pages = {5},
}

@article{em_molnupiravirantiviral_2021,
	title = {Le {Molnupiravir},un antiviral prometteur},
	url = {https://nouveau.europresse.com/Link/PARIS10T_1/news%c2%b720210702%c2%b7PJ%c2%b7214208791242},
	abstract = {Elsa Mari Après plus d'un an de crise, seuls quelques médicaments anti-Covid ont fait leur preuve. Outre les corticoïdes et les anticorps monoclonaux, d'autres traitements prometteurs sont à ...},
	language = {Français},
	journal = {Aujourd'hui en France},
	author = {{E.M.}},
	month = jul,
	year = {2021},
	pages = {AUJM2},
}

@article{stephane_dupont_vaccination_2021,
	title = {La vaccination repart à la hausse en {France}},
	url = {https://nouveau.europresse.com/Link/PARIS10T_1/news%c2%b720210701%c2%b7EC%c2%b70611310417052},
	abstract = {SANTé - :  Le taux d'incidence du virus responsable de la pandémie de Covid-19, c'est-à-dire le nombre de cas pour 100.000 habitants, à 18,5 aujourd'hui ...},
	language = {Français},
	journal = {Les Echos},
	author = {{STEPHANE DUPONT}},
	month = jul,
	year = {2021},
	note = {Issue: 23485
Volume: 23485},
	pages = {14},
}

@article{latribunefr_variant_2021,
	title = {Variant {Delta} : trop lente dans sa vaccination anti-{Covid}, l'{Europe} se dirige vers une quatrième vague},
	url = {https://nouveau.europresse.com/Link/PARIS10T_1/news%c2%b720210701%c2%b7TR%c2%b7988960},
	abstract = {... 4 mnCovid-19 : un nouveau cas sur cinq vient du variant Delta en France (lien : https://www.latribune.fr/economie/france/covid-19-un-nouveau-cas-sur-cinq-vient-du-variant-delta-en-france-887928.html) L'UE encore en retard sur la vaccination Le variant Delta, qui a fait son apparition ...},
	language = {Français},
	journal = {La Tribune (France)},
	author = {{Latribune.fr}},
	month = jul,
	year = {2021},
	note = {Issue: 7182
Volume: 7182},
	pages = {52},
}

@article{noauthor_covid-19_2021,
	title = {Covid-19 {La} pression monte sur la vaccination obligatoire des soignants},
	url = {https://nouveau.europresse.com/Link/PARIS10T_1/news%c2%b720210701%c2%b7HU%c2%b7476392},
	abstract = {L'introduction du variant Delta dans un Ehpad des Landes par une infirmière non vaccinée a remis sur le devant de la scène la question de la vaccination obligatoire des soignants ...},
	language = {Français},
	journal = {l'Humanité},
	month = jul,
	year = {2021},
	pages = {13},
}

@article{noauthor_variant_2021,
	title = {{VARIANT} {DELTA}{\textbar}À quoi s'attendre cet automne ?},
	url = {https://nouveau.europresse.com/Link/PARIS10T_1/news%c2%b720210630%c2%b7PJ%c2%b7214179131554},
	abstract = {Nicolas Berrod L'Institut Pasteur avait déjà annoncé qu'il faudrait une couverture vaccinale très importante pour retrouver une vie normale à l'automne prochain. L'émergence et la propagation du ...},
	language = {Français},
	journal = {Aujourd'hui en France},
	month = jun,
	year = {2021},
	pages = {AUJM12},
}

@article{solveig_godeluck_variant_2021,
	title = {Le variant {Delta} se propage en {France} alors que la vaccination ralentit},
	url = {https://nouveau.europresse.com/Link/PARIS10T_1/news%c2%b720210630%c2%b7EC%c2%b70611305534281},
	abstract = {Ce ne sera probablement qu'un été à demi-serein. Tous les indicateurs épidémiques sont orientés au beau fixe en cette fin juin en France. Tous, sauf la progression du variant ...},
	language = {Français},
	journal = {Les Echos},
	author = {{SOLVEIG GODELUCK}},
	month = jun,
	year = {2021},
	note = {Issue: 23484
Volume: 23484},
	pages = {5},
}

@article{noauthor_covid-19_2021-1,
	title = {covid-19 la vaccination ou la prolongation},
	url = {https://nouveau.europresse.com/Link/PARIS10T_1/news%c2%b720210630%c2%b7LI%c2%b7170567744},
	abstract = {Les autorités sanitaires cherchent à relancer une campagne vaccinale qui ralentit, alors que le variant delta représente désormais 20 \% des cas en France et que l'hypothèse d'une quatrième vague ...},
	language = {Français},
	journal = {Libération},
	month = jun,
	year = {2021},
	pages = {1},
}

@article{noauthor_faut-il_2021,
	title = {Faut-il cesser de rembourser les tests {Covid} « de confort » ?},
	url = {https://nouveau.europresse.com/Link/PARIS10T_1/news%c2%b720210629%c2%b7PJ%c2%b7214174344162},
	abstract = {Nicolas Berrod Il assume de vouloir « jeter un pavé dans la mare ». Patrick Berche est l'un des auteurs de la proposition de l'Académie de médecine d'arrêter de rembourser ...},
	language = {Français},
	journal = {Aujourd'hui en France},
	month = jun,
	year = {2021},
	pages = {AUJM18},
}

@article{simon_leplatre_en_2021,
	address = {Shanghaï correspondance},
	title = {En {Chine}, la vaccination contre le {Covid}-19 à marche forcée},
	url = {https://nouveau.europresse.com/Link/PARIS10T_1/news%c2%b720210629%c2%b7LM%c2%b73543465},
	abstract = {Des chaises sont à disposition, sur le trottoir, pour patienter à l'ombre des platanes de l'ancienne concession française, dans le centre de Shanghaï. Une quinzaine de personnes, plutôt âgées ...},
	language = {Français},
	journal = {Le Monde},
	author = {{Simon Leplâtre}},
	month = jun,
	year = {2021},
	pages = {17},
}

@article{noauthor_peut-rendre_2021,
	title = {Peut-on rendre la vaccination obligatoire ?},
	url = {https://nouveau.europresse.com/Link/PARIS10T_1/news%c2%b720210628%c2%b7LC%c2%b7o4lx-1392627%2c1392629%2c1392630},
	abstract = {Le gouvernement peut le décider s'il le veut   Anne-Lise Castell  Juriste, rédactrice en droit social aux Éditions Tissot Le gouvernement peut décider de rendre ou non obligatoire le vaccin ...},
	language = {Français},
	journal = {La Croix},
	month = jun,
	year = {2021},
	note = {Issue: 42047
Volume: 42047},
	pages = {5},
}

@article{noauthor_faux_2021,
	title = {Faux vaccins mais vrais certificats},
	url = {https://nouveau.europresse.com/Link/PARIS10T_1/news%c2%b720210627%c2%b7PJ%c2%b7214145616456},
	abstract = {Il est 16 h 30 dans cette officine du Val-de-Marne. Dans l'arrière-salle, Lilian*, le pharmacien, vient d'injecter une première dose de vaccin contre le Covid-19 ...},
	language = {Français},
	journal = {Aujourd'hui en France},
	month = jun,
	year = {2021},
	pages = {AUJM8, AUJM9, AUJM9, AUJM10},
}

@article{propos_recueillis_par_n_h__2021,
	title = {« {On} a eu tendance à interpréter les hésitants comme des réfractaires »},
	url = {https://nouveau.europresse.com/Link/PARIS10T_1/news%c2%b720210626%c2%b7LM%c2%b78767328},
	abstract = {Les sociologues Nathalie Bajos et Alexis Spire viennent de rendre public le volet portant sur les intentions vaccinales de la grande enquête EpiCoV (Epidémiologie et conditions de vie liées au Covid ...},
	language = {Français},
	journal = {Le Monde},
	author = {{Propos recueillis par N. H.}},
	month = jun,
	year = {2021},
	pages = {6},
}

@article{noauthor_vaccination_2021-10,
	title = {La vaccination ralentit, le variant {Delta} inquiète},
	url = {https://nouveau.europresse.com/Link/PARIS10T_1/news%c2%b720210626%c2%b7LM%c2%b78596721},
	abstract = {¶ Le nombre de premières injections par jour a baissé de moitié en un mois, à environ 200 000 par jour. « C'est trop peu », a averti Jean Castex ¶ Le variant Delta ...},
	language = {Français},
	journal = {Le Monde},
	month = jun,
	year = {2021},
	pages = {1},
}

@article{nathaniel_herzberg_vaccination_2021,
	title = {Vaccination anti-{Covid} : radiographie de la {France} qui doute},
	url = {https://nouveau.europresse.com/Link/PARIS10T_1/news%c2%b720210626%c2%b7LM%c2%b78485572},
	abstract = {Des courbes de vaccination qui plafonnent, des prises de premier rendez-vous en baisse, des créneaux libres dans certains centres : la campagne de vaccination contre le Covid-19 semble marquer le ...},
	language = {Français},
	journal = {Le Monde},
	author = {{Nathaniel Herzberg}},
	month = jun,
	year = {2021},
	pages = {6},
}

@article{caroline_vinet_israel_2021,
	title = {Israël craint une nouvelle vague malgré une vaccination avancée},
	url = {https://nouveau.europresse.com/Link/PARIS10T_1/news%c2%b720210625%c2%b7LC%c2%b7o4lx-1391630},
	abstract = {« Pour l'instant il n'y a pas lieu de paniquer, nous sommes dans une bonne situation. Tout ce que nous disons, c'est que nous allons resserrer les frontières du ...},
	language = {Français},
	journal = {La Croix},
	author = {{Caroline Vinet}},
	month = jun,
	year = {2021},
	note = {Issue: 42045
Volume: 42045},
	pages = {5},
}
